% Encoding: UTF-8

@Article{HaMa16,
  author  = {Wei Hao and Kiminori Matsuzaki},
  title   = {A Partial-tree-based Approach for {XPath} Query on Large {XML} Trees},
  journal = {Journal of Information Processing},
  year    = {2016},
  volume  = {24},
  number  = {2},
  pages   = {425--438},
}

@InProceedings{PLZC07,
  author    = {Yinfei Pan and Wei Lu and Ying Zhang and Kenneth Chiu},
  title     = {A Static Load-Balancing Scheme for Parallel {XML} Parsing on Multicore {CPUs}},
  booktitle = {Proceedings of the Seventh IEEE International Symposium on Cluster Computing and the Grid (CCGrid '07)},
  year      = {2007},
  pages     = {351--362},
  publisher = {IEEE Computer Society},
}

@InProceedings{BrKS02,
  author    = {Nicolas Bruno and Nick Koudas and Divesh Srivastava},
  title     = {Holistic twig joins: optimal XML pattern matching},
  booktitle = {the 2002 ACM SIGMOD international conference on Management of data},
  year      = {2002},
  pages     = {310--321},
}

@InProceedings{QiYD07,
  author    = {Lu Qin and Jeffrey Xu Yu and Bolin Ding},
  title     = {Twiglist: Make Twig Pattern Matching Fast},
  booktitle = {the 12th International Conference on Database Systems for Advanced Applications},
  year      = {2007},
  pages     = {850--862},
  publisher = {Springer International Publishing},
}

@Article{ChLW13,
  author  = {Rongxin Chen and Husheng Liao and Zongyue Wang},
  title   = {Parallel XPath Evaluation Based on Node Relation Matrix},
  journal = {Journal of Computational Information Systems},
  year    = {2013},
  volume  = {9},
  number  = {19},
  pages   = {7583--7592},
}

@InProceedings{On08,
  author    = {Makoto Onizuka},
  title     = {Processing {XPath} queries with forward and downward axes over {XML} streams},
  booktitle = {Proceedings of the Workshops of the {EDBT/ICDT} 2010 Joint Conference},
  year      = {2010},
  pages     = {27--38},
  publisher = {Springer Berlin Heidelberg},
}

@InProceedings{PaZC08,
  author    = {Yinfei Pan and Ying Zhang and Kenneth Chiu},
  title     = {Parsing {XML} Using Parallel Traversal of Streaming Trees},
  booktitle = {Proceedings of 15th International Conference on High Performance Computing (HiPC 2008)},
  year      = {2008},
  pages     = {142--156},
  publisher = {Springer Berlin Heidelberg},
}

@Article{BrMa14,
  author  = {Vanessa Braganholo and Marta Mattoso},
  title   = {A Survey on {XML} Fragmentation},
  journal = {ACM SIGMOD Record},
  year    = {2014},
  volume  = {43},
  number  = {3},
  pages   = {24--35},
}

@Article{OgTP13,
  author  = {Peter Ogden and David Thomas and Peter Pietzuch},
  title   = {Scalable {XML} Query Processing Using Parallel Pushdown Transducers},
  journal = {Proceedings of the VLDB Endowment},
  year    = {2013},
  volume  = {6},
  number  = {14},
  pages   = {1738--1749},
}

@InProceedings{BCMU13,
  author    = {Nicole Bidoit and Dario Colazzo and Noor Malla and Federico Ulliana and Maurizio Nol\`{e} and Carlo Sartiani},
  title     = {Processing {XML} Queries and Updates on {Map/Reduce} Clusters},
  booktitle = {Proceedings of the 16th International Conference on Extending Database Technology (EDBT '13)},
  year      = {2013},
  pages     = {745--748},
  publisher = {ACM},
}

@InProceedings{DaGK14,
  author    = {Matthew Damigos and Manolis Gergatsoulis and Eleftherios Kalogeros},
  title     = {Distributed Evaluation of {XPath} Queries over Large Integrated {XML} Data},
  booktitle = {Proceedings of the 18th Panhellenic Conference on Informatics (PCI '14)},
  year      = {2014},
  pages     = {61:1--61:6},
  publisher = {ACM},
}

@article{LuGa08,
  author      = {Wei Lu and Dennis Gannon},
  title       = {{ParaXML}: A Parallel {XML} Processing Model on the Multicore {CPUs}},
  institution = {School of Informatics and Computing, Indiana University},
  journal     = {Techincal Report},
  year        = {2008},
}

@InProceedings{ZhPC10,
  author    = {Ying Zhang and Yinfei Pan and Kenneth Chiu},
  title     = {A Parallel {XPath} Engine Based on Concurrent {NFA} Execution},
  booktitle = {Proceedings of the 2010 IEEE 16th International Conference on Parallel and Distributed Systems (ICPADS '10)},
  year      = {2010},
  pages     = {314--321},
  publisher = {IEEE Computer Society},
}

@InProceedings{LFLQ08,
  author    = {Le Liu and Jianhua Feng and Guoliang Li and Qian Qian and Jianhui Li},
  title     = {Parallel Structural Join Algorithm on Shared-Memory Multi-Core Systems},
  booktitle = {Ninth International Conference on Web-Age Information Management (WAIM '08)},
  year      = {2008},
  pages     = {70--77},
}

@InProceedings{PCSS04,
  author    = {Shankar Pal and Istvan Cseri and Oliver Seeliger and Gideon Schaller and Leo Giakoumakis and Vasili Zolotov},
  title     = {Indexing {XML} Data Stored in a Relational Database},
  booktitle = {Proceedings of the Thirtieth International Conference on Very Large Data Bases (VLDB '04)},
  year      = {2004},
  pages     = {1146--1157},
  publisher = {VLDB Endowment},
}

@InProceedings{OOPC04,
  author    = {Patrick O'Neil and Elizabeth O'Neil and Shankar Pal and Istvan Cseri and Gideon Schaller and Nigel Westbury},
  title     = {{ORDPATHs}: Insert-friendly {XML} Node Labels},
  booktitle = {Proceedings of the 2004 ACM SIGMOD International Conference on Management of Data (SIGMOD '04)},
  year      = {2004},
  pages     = {903--908},
  publisher = {ACM},
}

@InProceedings{TVBS02,
  author    = {Igor Tatarinov and Stratis D. Viglas and Kevin Beyer and Jayavel Shanmugasundaram and Eugene Shekita and Chun Zhang},
  title     = {Storing and Querying Ordered {XML} Using a Relational Database System},
  booktitle = {Proceedings of the 2002 ACM SIGMOD International Conference on Management of Data (SIGMOD '02)},
  year      = {2002},
  pages     = {204--215},
  publisher = {ACM},
}

@InProceedings{MaAK09,
  author    = {Imam Machdi and Toshiyuki Amagasa and Hiroyuki Kitagawa},
  title     = {Executing Parallel {TwigStack} Algorithm on a Multi-core System},
  booktitle = {Proceedings of the 11th International Conference on Information Integration and Web-based Applications \& Services (iiWAS '09)},
  year      = {2009},
  pages     = {176--184},
  publisher = {ACM},
}

@InProceedings{AlJYK02,
  author    = {Shurug Al-Khalifa and H.V. Jagadish and Nick Koudas and Jagnesh M. Patel and Divesh Srivastava and Yuqing Wu},
  title     = {Structural Joins: A Primitive for Efficient XML Query Pattern Matching},
  booktitle = {Proceedings of the 12th International Conference on Data Engineering},
  year      = {2002},
  pages     = {141--152},
  publisher = {ACM},
}

@InProceedings{SWKC02,
  author    = {Albrecht Schmidt and Florian Waas and Martin Kersten and Michael J. Carey and Ioana Manolescu and Ralph Busse},
  title     = {{XMark}: A Benchmark for {XML} Data Management},
  booktitle = {Proceedings of the 28th International Conference on Very Large Data Bases (VLDB '02)},
  year      = {2002},
  pages     = {974--985},
  publisher = {VLDB Endowment},
}

@InProceedings{JLWY02,
  author    = {Haifeng Jiang and Hongjun Lu and Wei Wang and Jeffrey Xu Yu},
  title     = {{XParent}: An Efficient {RDBMS}-Based {XML} Database System},
  booktitle = {Proceedings of the 18th International Conference on Data Engineering (ICDE '02)},
  year      = {2002},
  pages     = {335--336},
  publisher = {IEEE Computer Society},
}

@InProceedings{Fran07,
  author    = {M. Franceschet},
  title     = {{XPathMark}: Functional and Performance Tests for {XPath}},
  booktitle = {Dagstuhl Seminar Proceedings 06472 XQuery Implementation Paradigm},
  year      = {2007},
}

@InProceedings{BGvM06,
  author    = {Peter Boncz and Torsten Grust and Maurice {van Keulen} and Stefan Manegold and Jan Rittinger and Jens Teubner},
  title     = {{MonetDB/XQuery}: A Fast {XQuery} Processor Powered by a Relational Engine},
  booktitle = {Proceedings of the 2006 ACM SIGMOD International Conference on Management of Data (SIGMOD '06)},
  year      = {2006},
  pages     = {479--490},
  publisher = {ACM},
}

@InProceedings{CLTH06,
  author    = {Songting Chen and Hua-Gang Li and Junichi Tatemura and Wang-Pin Hsiung and Divyakant Agrawal and K. Sel\c{c}uk Candan},
  title     = {{Twig$^2$Stack}: Bottom-up Processing of Generalized-tree-pattern Queries over {XML} Documents},
  booktitle = {Proceedings of the 32Nd International Conference on Very Large Data Bases (VLDB '06)},
  year      = {2006},
  pages     = {283--294},
  publisher = {VLDB Endowment},
}

@Article{NEMH07,
  author  = {Yoshiaki Nomura and Kento Emoto and Kiminori Matsuzaki and Zhenjiang Hu and Masato Takeichi},
  title   = {Parallelization of {XPath} Queries with Tree Skeletons},
  journal = {Computer Software},
  year    = {2007},
  volume  = {24},
  number  = {3},
  pages   = {51--62},
  note    = {(in Japanese)},
}

@Article{Skil97,
  author  = {David B. Skillicorn},
  title   = {Structured Parallel Computation in Structured Documents},
  journal = {Journal of Univarsal Computer Science},
  year    = {1997},
  volume  = {3},
  number  = {1},
  pages   = {42--68},
}

@InProceedings{CLKL12,
  author    = {Hyebong Choi and Kyong-Ha Lee and Soo-Hyong Kim and Yoon-Joon Lee and Bongki Moon},
  title     = {{HadoopXML}: A Suite for Parallel Processing of Massive {XML} Data with Multiple Twig Pattern Queries},
  booktitle = {Proceedings of the 21st ACM International Conference on Information and Knowledge Management (CIKM'12)},
  year      = {2012},
  pages     = {2737--2739},
  publisher = {ACM},
}

@Article{MaMi16,
  author  = {Kiminori Matsuzaki and Reina Miyazaki},
  title   = {Parallel Tree Accumulations on {MapReduce}},
  journal = {International Journal of Parallel Programming},
  year    = {2016},
  volume  = {44},
  number  = {3},
  pages   = {466--485},
}

@Article{DBLP,
  author  = {Michael Ley},
  title   = {{DBLP}: Some Lessons Learned},
  journal = {Proceedings of the VLDB Endowment},
  year    = {2009},
  volume  = {2},
  number  = {2},
  pages   = {1493--1500},
}

@Article{UniProtKB,
  author  = {{The UniProt Consortium}},
  title   = {{UniProt}: a hub for protein information},
  journal = {Nucleic Acids Research},
  year    = {2015},
  volume  = {43},
  number  = {D1},
  pages   = {D204-D212},
}

@Article{PaDB14,
  author  = {Michael J. Paul and Mark Dredze and David Broniatowski},
  title   = {Twitter Improves Influenza Forecasting},
  journal = {PLoS Currents: Outbreaks},
  year    = {2014},
}

@InProceedings{Ne02,
  author    = {Mathias Neumüller},
  title     = {Compact Data Structures for Querying XML},
  booktitle = {Proceedings of the {EDBT/ICDT} 2002 Joint Conference},
  year      = {2002},
}

@InProceedings{De05,
  author    = {O'nail Delpratt},
  title     = {A In-Memory Compressed XML Representation of Astronomical Data},
  booktitle = {PPARC UK e-Science Postgraduate School},
  year      = {2005},
}

@InProceedings{HWHC06,
  author    = {Fang Huang and Stuart Watt and David Harper and Malcolm Clark},
  title     = {Comparative Evaluation of XML Information Retrieval Systems},
  booktitle = {Comparative Evaluation of XML Information Retrieval Systems},
  year      = {2006},
  pages     = {64-72},
}

@Article{WoLS07,
  author    = {Raymond K. Wong and Franky Lam and William M. Shui},
  title     = {Querying and Maintaining a Compact XML Storage},
  year      = {2007},
  volume    = {33},
  number    = {4},
  pages     = {1073-1082},
  booktitle = {International World Wide Web Conference},
}

@Article{BuLM08,
  author  = {Giorgio Busatto and Markus Lohrey and Sebastian Maneth},
  title   = {Efficient Memory Representation of XML Document Trees},
  journal = {Information Systems},
  year    = {2008},
  pages   = {1073-1082},
}

@InProceedings{AgKS15,
  author    = {Rachit Agarwal and Anurag Khandelwal and Ion Stoica},
  title     = {Succinct: Enabling Queries on Compressed Data},
  booktitle = {12th {USENIX} Conference on Networked Systems Design and Implementation},
  year      = {2015},
  pages     = {337-350},
}

@Book{Ne09,
  title     = {Space efficient in-memory representation of XML documents},
  publisher = {Doctoral Thesis / University of Leicester},
  year      = {2009},
  author    = {Mathias Neumüller},
}

@InProceedings{Bord10,
  author    = {Bordawekar, Rajesh and Lim, Lipyeow and Kementsietsidis, Anastasios and Kok, Bryant Wei-Lun},
  title     = {Statistics-based Parallelization of {XPath} Queries in Shared Memory Systems},
  booktitle = {Proceedings of the 13th International Conference on Extending Database Technology (EDBT '10)},
  year      = {2010},
  pages     = {159--170},
  publisher = {ACM},
}

@InProceedings{Grun06,
  author    = {Christian Gr{\\"{u}}n},
  title     = {Pushing {XML} Main Memory Databases to their Limits},
  booktitle = {Tagungsband zum 18. GI-Workshop {\\"{u}}ber Grundlagen von Datenbanken (18th GI-Workshop on the Foundations of Databases)},
  year      = {2006},
  pages     = {60--64},
}

@InProceedings{LiZZ17,
  author    = {Jiang, Lin and Zhao, Zhijia},
  title     = {Grammar-aware Parallelization for Scalable {XPath} Querying},
  booktitle = {Proceedings of the 22nd ACM SIGPLAN Symposium on Principles and Practice of Parallel Programming (PPoPP '17)},
  year      = {2017},
  pages     = {371--383},
  publisher = {ACM},
}

@PhdThesis{Mats09,
  author = {Kiminori Matsuzaki},
  title  = {Parallel Programming with Tree Skeleton},
  school = {University of Tokyo},
  year   = {2009},
}

@Misc{XMark,
  title        = {{XMark} --- {An} {XML} Benchmark Project},
  howpublished = {http://www.xml-benchmark.org/generator.html},
  key          = {XMark},
}

@InProceedings{grust07:rdbms_xpath,
  author    = {Torsten Grust and Jan Rittinger and Jens Teubner},
  title     = {Why Off-the-Shelf {RDBMSs} are Better at {XPath} Than You Might Expect},
  booktitle = {Proceedings of the 2007 ACM SIGMOD International Conference on Management of Data (SIGMOD '07)},
  year      = {2007},
  pages     = {949--958},
  publisher = {ACM},
}

@InProceedings{carman15:vxquery,
  author    = {E. Preston {Carman Jr.} and Till Westmann and Vinayak R. Borkar and Michael J. Carey and Vassilis J. Tsotras},
  title     = {A Scalable Parallel {XQuery} Processor},
  booktitle = {2015 {IEEE} International Conference on Big Data (Big Data '15)},
  year      = {2015},
  pages     = {164--173},
}

@Article{camacho-rodriguez15:paxquery,
  author  = {Jesq\'u Camacho-Rodr\'iguez and Dario Colazzo and Ioana Manolescu},
  title   = {{PAXQuery}: Efficient Parallel Processing of Complex {XQuery}},
  journal = {IEEE Trans. Knowl. Data Eng.},
  year    = {2015},
  volume  = {27},
  number  = {7},
  pages   = {1977--1991},
}

@Misc{xpath,
  title        = {{XML} Path Lanugage ({XPath}) 3.1},
  howpublished = {\url{https://www.w3.org/TR/xpath-31/}},
  year         = {2015},
  key          = {XPath},
}

@Misc{XQuery,
  title        = {{XQuery} 3.0: An {XML} Query Language},
  howpublished = {\url{https://www.w3.org/TR/xquery-30/}},
  year         = {2014},
  key          = {XQuery},
}

@Book{HadoopWhit12,
  title     = {{Hadoop}: The Definitive Guide},
  publisher = {O'Reilly Media / Yahoo Press},
  year      = {2012},
  author    = {Tom White},
}

@InProceedings{DaGP14,
  author    = {Matthew Damigos and Manolis Gergatsoulis and Stathis Plitsos},
  title     = {Distributed Processing of {XPath} Queries Using {MapReduce}},
  booktitle = {New Trends in Databases and Information Systems: 17th East European Conference on Advances in Databases and Information Systems},
  year      = {2014},
  pages     = {69--77},
  publisher = {Springer International Publishing},
}

@Article{CFKL12,
  author  = {Gao Cong and Wenfei Fan and Anastasios Kementsietsidis and Jianzhong Li and Xianmin Liu},
  title   = {Partial Evaluation for Distributed {XPath} Query Processing and Beyond},
  journal = {ACM Transactions on Database Systems},
  year    = {2012},
  volume  = {37},
  number  = {4},
  pages   = {32:1--32:43},
}

@InProceedings{AfDG15,
  author    = {Foto N. Afrati and Matthew Damigos and Manolis Gergatsoulis},
  title     = {Lower Bounds on the Communication of {XPath} Queries in {MapReduce}},
  booktitle = {Proceedings of the Workshops of the {EDBT/ICDT} 2015 Joint Conference},
  year      = {2015},
  pages     = {38--41},
  publisher = {CEUR-WS.org},
}

@InProceedings{CCMN15,
  author    = {Jes\'{u}s Camacho-Rodr\'{\i}guez and Dario Colazzo and Ioana Manolescu and Juan A.M. Naranjo},
  title     = {{PAXQuery}: Parallel Analytical {XML} Processing},
  booktitle = {Proceedings of the 2015 ACM SIGMOD International Conference on Management of Data (SIGMOD '15)},
  year      = {2015},
  pages     = {1117--1122},
  publisher = {ACM},
}

@Article{ChLL14,
  author  = {Hyebong Choi and Kyong-Ha Lee and Yoon-Joon Lee},
  title   = {Parallel Labeling of Massive {XML} Data with {MapReduce}},
  journal = {Journal of Supercomputing},
  year    = {2014},
  volume  = {67},
  number  = {2},
  pages   = {408--437},
}

@InProceedings{BoLS09,
  author    = {Rajesh Bordawekar and Lipyeow Lim and Oded Shmueli},
  title     = {Parallelization of {XPath} Queries Using Multi-core Processors: Challenges and Experiences},
  booktitle = {Proceedings of the 12th International Conference on Extending Database Technology: Advances in Database Technology (EDBT '09)},
  year      = {2009},
  pages     = {180--191},
  publisher = {ACM},
}

@InProceedings{YoWa11,
  author    = {Cheng-Han You and Sheng-De Wang},
  title     = {A Data Parallel Approach to {XML} Parsing and Query},
  booktitle = {Proceedings of the 2011 IEEE International Conference on High Performance Computing and Communications (HPCC '11)},
  year      = {2011},
  pages     = {520--527},
  publisher = {IEEE Computer Society},
}

@InProceedings{ZaBS15,
  author    = {Erfan Zamanian and Carsten Binnig and Abdallah Salama},
  title     = {Locality-aware Partitioning in Parallel Database Systems},
  booktitle = {Proceedings of the 2015 ACM SIGMOD International Conference on Management of Data (SIGMOD '15)},
  year      = {2015},
  pages     = {17--30},
  publisher = {ACM},
}

@InProceedings{FLGP11,
  author    = {Leonidas Fegaras and Chengkai Li and Upa Gupta and Jijo J. Philip},
  title     = {{XML} Query Optimization in {Map-Reduce}},
  booktitle = {Proceedings of Fourteenth International Workshop on the Web and Database (WebDB 2011)},
  year      = {2011},
}

@InProceedings{KaME07,
  author    = {Kazuhiko Kakehi and Kiminori Matsuzaki and Kento Emoto},
  title     = {Efficient Parallel Tree Reductions on Distributed Memory Environments},
  booktitle = {ICCS 2007: 7th International Conference, Beijing, China, May 27--30, 2007, Proceedings, Part II},
  year      = {2007},
  pages     = {601--608},
  publisher = {Springer},
}

@InProceedings{EmIm12,
  author    = {Kento Emoto and Hiroto Imachi},
  title     = {Parallel Tree Reduction on {MapReduce}},
  booktitle = {Proceedings of the International Conference on Computational Science (ICCS 2012)},
  year      = {2012},
  volume    = {9},
  series    = {Procedia Computer Science},
  pages     = {1827--1836},
  publisher = {Elsevier},
}

@InProceedings{DeGh04,
  author    = {Jeffrey Dean and Sanjay Ghemawat},
  title     = {{MapReduce}: Simplified Data Processing on Large Clusters},
  booktitle = {6th Symposium on Operating System Design and Implementation (OSDI2004), December 6--8, 2004, San Francisco, California, USA},
  year      = {2004},
  pages     = {137--150},
}

@InProceedings{KrYa10,
  author    = {Martin Krulis and Jakub Yaghob},
  title     = {Efficient Implementation of XPath Processor on Multi-Core CPUs},
  booktitle = {the Dateso 2010 Annual International Workshop on DAtabases (DATESO' 10)},
  year      = {2010},
  pages     = {60--71},
}

@InProceedings{WZYu08,
 title     = {Jianhui Li. A hybrid parallel processing for XML parsing and schema validation},
 author    = {Wu, Yu and Zhang, Qi and Yu, Zhiqiang},
 booktitle = {Balisage: The Markup Conference},
 year       = {2008}
}

@InProceedings{AAHa11,
  author    = {Emil-mircea Andriescu, Anis Azzabi, Gaétan Hains},
  title     = {Parallel processing of Forward XPath queries: an experiment with BSML},
  booktitle = {Technical report TR-LACL-2010-11, Université Paris-Est},
  year      = {2010},
}

@TechReport{AGGR02,
  author      = {Iliana Avila-Campillo and Todd J. Green and Ashish Gupta and Makoto Onizuka and Demian Raven},
  title       = {XMLTK: An {XML} Toolkit for Scalable {XML} Stream Processing},
  institution = {Department of Computer and Information Science , University of Pennsylvania Scholarly Commons},
  year        = {2002},
}

@InProceedings{DFFT02,
  author    = {Yanlei Diao and Peter Fischer, Michael J. Franklin and Raymond To},
  title     = {Yfilter: Efficient and Scalable Filtering of Xml Documents},
  booktitle = {Data Engineering, 2002. Proceedings. 18th International Conference on},
  pages     = {341--342},
  year      = {2002},
}

@InProceedings{CVZZ08,
  author    = {Shu-Yao Chien and Zografoula Vagena and Donghui Zhang and Vassilis J. Tsotras and Carlo Zaniolo},
  title     = {Efficient structural joins on indexed XML documents},
  booktitle = {the 28th international conference on Very Large Data Bases (VLDB' 08)},
  year      = {2008},
  pages     = {263--274},
}

@InProceedings{ToGr02,
  author    = {Torsten Grust},
  title     = {Accelerating XPath Location Steps},
  booktitle = {Proceedings of the 2002 {ACM} {SIGMOD} international conference on Management of data},
  year      = {2002},
}

@InProceedings{JLWO03,
  author    = {Haifeng Jiang and Hongjun Lu and Wei Wang and Beng Chin Ooi},
  title     = {XR-Tree: Indexing XML Data for Efficient Structural Joins},
  booktitle = {The 19th International Conference on Data Engineering (ICDE’03)},
  pages     = {253--264},
  year      = {2003},
}

@Article{SAFu05,
  author  = {Fatih E. Sevilgena and Srinivas Alurub and Natsuhiko Futamurac},
  title   = {Parallel algorithms for tree accumulations},
  journal = {Journal of Parallel and Distributed Computing},
  year    = {2005},
  volume  = {65},
  number  = {1},
  pages   = {85-93},
}

@Article{kling11:dist_xml,
  author  = {Patrick Kling and M. Tamer \"{O}zsu and Khuzaima Daudjee},
  title   = {Scaling {XML} Query Processing: Distribution, Localization and Pruning},
  journal = {Distributed and Parallel Databases},
  year    = {2011},
  volume  = {29},
  number  = {5--6},
  pages   = {445--490},
}

@Article{KlOD10,
  author  = {Patrick Kling and M. Tamer \"{O}zsu and Khuzaima Daudjee},
  title   = {Generating Efficient Execution Plans for Vertically Partitioned {XML} Databases},
  journal = {Proceedings of the VLDB Endowment},
  year    = {2010},
  volume  = {4},
  number  = {1},
  pages   = {1--11},
}

@InProceedings{ARBM06,
  author    = {Alexandre Andrade and Gabriela Ruberg and Fernanda Baião and Vanessa P. Braganholo and Marta Mattoso},
  title     = {Efficiently Processing XML Queries over Fragmented Repositories with PartiX},
  booktitle = {Current Trends in Database Technology},
  year      = {2006},
  pages     = {150-163},
}

@Misc{XML,
  title        = {Extensible Markup Language ({XML}) 1.0 (Fifth Edition)},
  howpublished = {https://www.w3.org/TR/REC-xml/},
}

@Misc{XQuery3_1,
  title        = {XQuery 3.1: An XML Query Language},
  howpublished = {https://www.w3.org/TR/xquery-31/},
}

@InProceedings{LiLi05,
  author    = {Changqing Li and Tok Wang Ling},
  title     = {QED: a novel quaternary encoding to completely avoid re-labeling in XML updates},
  booktitle = {Proceedings of the 14th ACM international conference on Information and knowledge management (CIKM '05)},
  year      = {2005},
  pages     = {501--508},
}

@Article{FBKF15,
  author  = {Jan Finis and Robert Brunel and Alfons Kemper and Thomas Neumann and Norman May and Franz Faerber},
  title   = {Indexing highly dynamic hierarchical data},
  journal = {Proceedings of the VLDB Endowment},
  year    = {2015},
  volume  = {8},
  number  = {10},
  pages   = {986-997},
}

@InProceedings{MLCh07,
  author    = {Jun-Ki Min and Jihyun Lee and Chin-Wan Chung},
  title     = {An Efficient Encoding and Labeling for Dynamic XML Data},
  booktitle = {Advances in Databases: Concepts, Systems and Applications (DASFAA '07)},
  year      = {2007},
  number    = {715--726},
}

@Article{HAJR03,
  author  = {Halverson, Alan and Burger, Josef and Galanis, Leonidas and Kini, Ameet and Krishnamurthy, Rajasekar and Rao},
  title   = {Mixed Mode XML Query Processing},
  journal = {Proceedings {VLDB} Conference},
  year    = {2003},
  pages   = {225-–236},
  doi     = {10.1016/b978-012722442-8/50028-8},
}

@Article{ZNDI01,
  author  = {Zhang, Chun and Naughton, Jeffrey and Dewitt, David and Luo, Qiong and Lohman, Guy},
  title   = {On supporting containment queries in relational database management systems},
  journal = {Proceedings of the 2001 ACM SIGMOD international conference on Management of data - SIGMOD 01},
  year    = {2001},
  pages   = {425--436},
  doi     = {10.1145/375663.375722},
}

@InProceedings{LiMo01,
  author    = {Quanzhong Li and Bongki Moon},
  title     = {Indexing and Querying XML Data for Regular Path Expressions},
  booktitle = {Proceedings of the 27th International Conference on Very Large Data Bases},
  year      = {2001},
  number    = {361--370},
}

@Misc{basex864,
  title        = {BaseX officail documentation},
  howpublished = {http://docs.basex.org/},
  month        = {5},
  year         = {2017},
}

@Misc{wiki,
  title        = {Wikipedia},
  howpublished = {https://en.wikipedia.org/wiki/Main\_Page},
}

@Misc{wikipediadump,
  title        = {Wikipedia dump service},
  howpublished = {https://dumps.wikimedia.org/},
}

@Misc{wikisize,
  title        = {Size of Wikipedia},
  howpublished =  {https://en.wikipedia.org/wiki/Wikipedia:Size\_of\_Wikipedia},
}

@Misc{xalan,
  title        = {Xalanprocessor},
  howpublished = {https://xml.apache.org/xalan-j/},
}

@Article{graefe1993query,
  author    = {Graefe, Goetz},
  title     = {Query evaluation techniques for large databases},
  journal   = {ACM Computing Surveys (CSUR)},
  year      = {1993},
  volume    = {25},
  number    = {2},
  pages     = {73--169},
  publisher = {ACM},
}

@Misc{sax,
  title        = {Simple API for XML},
  howpublished = {https://en.wikipedia.org/wiki/Simple\_API\_for\_XML},
}

@InProceedings{lu2005efficient,
  author       = {Lu, Jiaheng and Ling, Tok Wang and Yu, Tian and Li, Changqing and Ni, Wei},
  title        = {Efficient processing of ordered XML twig pattern},
  booktitle    = {International Conference on Database and Expert Systems Applications},
  year         = {2005},
  pages        = {300--309},
  organization = {Springer},
}

@InProceedings{lu2005tjfast,
  author       = {Lu, Jiaheng and Chen, Ting and Ling, Tok Wang},
  title        = {TJFast: effective processing of XML twig pattern matching},
  booktitle    = {Special interest tracks and posters of the 14th international conference on World Wide Web},
  year         = {2005},
  pages        = {1118--1119},
  organization = {ACM},
}

@InProceedings{fontoura2005optimizing,
  author       = {Fontoura, Marcus and Josifovski, Vanja and Shekita, Eugene and Yang, Beverly},
  title        = {Optimizing cursor movement in holistic twig joins},
  booktitle    = {Proceedings of the 14th ACM international conference on Information and knowledge management},
  year         = {2005},
  pages        = {784--791},
  organization = {ACM},
}

@InProceedings{jiang2003holistic,
  author       = {Jiang, Haifeng and Wang, Wei and Lu, Hongjun and Yu, Jeffrey Xu},
  title        = {Holistic twig joins on indexed XML documents},
  booktitle    = {Proceedings of the 29th international conference on Very large data bases-Volume 29},
  year         = {2003},
  pages        = {273--284},
  organization = {VLDB Endowment},
}

@InProceedings{meier2002exist,
  author       = {Meier, Wolfgang},
  title        = {eXist: An open source native XML database},
  booktitle    = {Net. ObjectDays: International Conference on Object-Oriented and Internet-Based Technologies, Concepts, and Applications for a Networked World},
  year         = {2002},
  pages        = {169--183},
  organization = {Springer},
}

@Article{jagadish2002timber,
  author    = {Jagadish, Hosagrahar V and Al-Khalifa, Shurug and Chapman, Adriane and Lakshmanan, Laks VS and Nierman, Andrew and Paparizos, Stelios and Patel, Jignesh M and Srivastava, Divesh and Wiwatwattana, Nuwee and Wu, Yuqing and others},
  title     = {Timber: A native xml database},
  journal   = {The VLDB Journal—The International Journal on Very Large Data Bases},
  year      = {2002},
  volume    = {11},
  number    = {4},
  pages     = {274--291},
  publisher = {Springer-Verlag New York, Inc.},
}

@InProceedings{fong2001converting,
  author       = {Fong, Joseph and Pang, Francis and Bloor, Chris},
  title        = {Converting relational database into XML document},
  booktitle    = {Database and Expert Systems Applications, 2001. Proceedings. 12th International Workshop on},
  year         = {2001},
  pages        = {61--65},
  organization = {IEEE},
}

@InProceedings{jiang2002xparent,
  author       = {Jiang, Haifeng and Lu, Hongjun and Wang, Wei and Yu, Jeffrey Xu},
  title        = {XParent: An efficient RDBMS-based XML database system},
  booktitle    = {Data Engineering, 2002. Proceedings. 18th International Conference on},
  year         = {2002},
  pages        = {335--336},
  organization = {IEEE},
}

@InProceedings{kha2001xml,
  author       = {Kha, Dao Dinh and Yoshikawa, Masatoshi and Uemura, Shunsuke},
  title        = {An XML indexing structure with relative region coordinate},
  booktitle    = {Data Engineering, 2001. Proceedings. 17th International Conference on},
  year         = {2001},
  pages        = {313--320},
  organization = {IEEE},
}

@InProceedings{wang2005sequencing,
  author       = {Wang, Haixun and Meng, Xiaofeng},
  title        = {On the sequencing of tree structures for XML indexing},
  booktitle    = {Data Engineering, 2005. ICDE 2005. Proceedings. 21st International Conference on},
  year         = {2005},
  pages        = {372--383},
  organization = {IEEE},
}

@InProceedings{popovici2005sirius,
  author       = {Popovici, Eugen and M{\'e}nier, Gildas and Marteau, Pierre-Fran{\c{c}}ois},
  title        = {SIRIUS: a lightweight XML indexing and approximate search system at INEX 2005},
  booktitle    = {International Workshop of the Initiative for the Evaluation of XML Retrieval},
  year         = {2005},
  pages        = {321--335},
  organization = {Springer},
}

@InProceedings{liang2005lax,
  author       = {Liang, Wenxin and Yokota, Haruo},
  title        = {LAX: An efficient approximate XML join based on clustered leaf nodes for XML data integration},
  booktitle    = {British National Conference on Databases},
  year         = {2005},
  pages        = {82--97},
  organization = {Springer},
}

@Article{liang2006slax,
  author    = {Liang, Wenxin and Yokota, Haruo},
  title     = {SLAX: An improved leaf-clustering based approximate XML join algorithm for integrating XML data at subtree classes},
  journal   = {Information and Media Technologies},
  year      = {2006},
  volume    = {1},
  number    = {2},
  pages     = {918--928},
  publisher = {Information and Media Technologies Editorial Board},
}

@InProceedings{guha2003index,
  author       = {Guha, Sudipto and Koudas, Nick and Srivastava, Divesh and Yu, Ting},
  title        = {Index-based approximate XML joins},
  booktitle    = {Data Engineering, 2003. Proceedings. 19th International Conference on},
  year         = {2003},
  pages        = {708--710},
  organization = {IEEE},
}

@Misc{schema,
  title        = {XML schema},
  howpublished = {https://www.w3.org/standards/xml/schema},
}

@Misc{dfs,
  title        = {Distributed file systems},
  howpublished = "\url{https://en.wikipedia.org/wiki/Clustered\_file\_system#Distributed\_file\_systems}",
}

@InProceedings{numbering,
  author    = {Toshiyuki Amagasa and Masatoshi Yoshikawa and Shunsuke Uemura},
  title     = {QRS: a robust numbering scheme for XML documents},
  booktitle = {the 19th International Conference on Data Engineering (ICDE’03)},
  pages     = {705--707},
}

@InProceedings{bose2003query,
  author       = {Bose, Sujoe and Fegaras, Leonidas and Levine, David and Chaluvadi, Vamsi},
  title        = {A query algebra for fragmented XML stream data},
  booktitle    = {International Workshop on Database Programming Languages},
  year         = {2003},
  pages        = {195--215},
  organization = {Springer},
}

@InProceedings{bose2005xfrag,
  author    = {Bose, Sujoe and Fegaras, Leonidas},
  title     = {XFrag: A Query Processing Framework for Fragmented XML Data.},
  booktitle = {WebDB},
  year      = {2005},
  pages     = {97--102},
}

@Article{comon2007tree,
  author = {Comon, Hubert and Dauchet, Max and Gilleron, R{\'e}mi and L{\"o}ding, Christof and Jacquemard, Florent and Lugiez, Denis and Tison, Sophie and Tommasi, Marc},
  title  = {Tree automata techniques and applications},
  year   = {2007},
}

@Article{lee2012memory,
  author  = {Lee, Sangwook and Kim, Jin and Kang, Hyunchul},
  title   = {Memory-efficient query processing over XML fragment stream with fragment labeling},
  journal = {Computing and Informatics},
  year    = {2012},
  volume  = {29},
  number  = {5},
  pages   = {757--782},
}

@Comment{jabref-meta: databaseType:bibtex;}
